@MISC{plotsarecool,
    key = {Role},
    title = {The Role of graphics},
    url = {http://www.itl.nist.gov/div898/handbook/eda/section1/eda15.htm},
    note = {Accessed: 2017-10-12}
}

@MISC{matl,
    author={The Mathworks},
    key={MATLAB},
    title={MATLAB},
    url={https://de.mathworks.com/products/matlab.html?s_tid=hp_products_matlab},
    note={The MathWorks, Natick, MA, USA}
}

@MISC{mate,
    author={{Wolfram Research, Inc}},
    publisher={{Wolfram Research, Inc}},
    title={Mathematica},
    journal={Wolfram Research Inc.},
    address={Champaign, Illinios},
    edition={Version 11.2},
    year={2017}
}

@MISC{orig,
    author={OriginLab},
    publisher={OriginLab},
    title={Origin},
    address={OriginLab, Northampton, MA},
    url = {http://www.originlab.de/index.aspx?go=PRODUCTS/Origin}
}

@Article{mpl,
    Author    = {Hunter, J. D.},
    Title     = {Matplotlib: A 2D graphics environment},
    Journal   = {Computing In Science \& Engineering},
    Volume    = {9},
    Number    = {3},
    Pages     = {90--95},
    abstract  = {Matplotlib is a 2D graphics package used for Python
                 for application development, interactive scripting, and
                 publication-quality image generation across user
                 interfaces and operating systems.},
    publisher = {IEEE COMPUTER SOC},
    doi = {10.1109/MCSE.2007.55},
    year      = 2007
}

@MISC{bokeh,
    title = {Bokeh: Python library for interactive visualization},
    author = {Bokeh Development Team},
    year = 2014,
    url = {http://www.bokeh.pydata.org}
}

@misc{seaborn,
  author={Michael Waskom and
          Olga Botvinnik and
          drewokane and
          Paul Hobson and
          Yaroslav Halchenko and
          Saulius Lukauskas and
          Jordi Warmenhoven and
          John B. Cole and
          Stephan Hoyer and
          Jake Vanderplas and
          gkunter and
          Santi Villalba and
          Eric Quintero and
          Marcel Martin and
          Alistair Miles and
          Kyle Meyer and
          Tom Augspurger and
          Tal Yarkoni and
          Pete Bachant and
          Constantine Evans and
          Clark Fitzgerald and
          Tamas Nagy and
          Erik Ziegler and
          Tobias Megies and
          Daniel Wehner and
          Samuel St-Jean and
          Luis Pedro Coelho and
          Gregory Hitz and
          Antony Lee and
          Luc Rocher},
  title={seaborn: v0.7.0 (January 2016)},
  year=2016,
  doi={10.5281/zenodo.45133},
  url={https://doi.org/10.5281/zenodo.45133}
}

@ARTICLE{d3js,
    title = {D3: Data-Driven Documents},
    author = {Michael Bostock AND Vadim Ogievetsky AND Jeffrey Heer},
    journal = {IEEE Trans. Visualization \& Comp. Graphics (Proc. InfoVis)},
    year = {2011},
    url = {http://vis.stanford.edu/papers/d3}
}

@MISC{plotly,
    author = {Plotly Team},
    url = {https://plot.ly/},
    title={Plotly},
    address={Plotly, Montreal, Canada}
}

@MISC{john,
    key = {wiki john},
    title = {John {H}unter},
    url = {https://www.wikiwand.com/en/John_D._Hunter}
}
